@article{Guan,
 author = {Guan, Yu and Pl\"{o}tz, Thomas},
 title = {Ensembles of Deep LSTM Learners for Activity Recognition Using Wearables},
 journal = {Proc. ACM Interact. Mob. Wearable Ubiquitous Technol.},
 issue_date = {June 2017},
 volume = {1},
 number = {2},
 month = jun,
 year = {2017},
 issn = {2474-9567},
 pages = {11:1--11:28},
 articleno = {11},
 numpages = {28},
 url = {http://doi.acm.org/10.1145/3090076},
 doi = {10.1145/3090076},
 acmid = {3090076},
 publisher = {ACM},
 address = {New York, NY, USA},
 keywords = {LSTM, activity recognition, deep learning, ensembles}
} 


@article{AROMA,
author = {Peng, Liangying and Chen, Ling and Ye, Zhenan and Zhang, Yi},
year = {2018},
month = {07},
pages = {1-16},
title = {AROMA: A Deep Multi-Task Learning Based Simple and Complex Human Activity Recognition Method Using Wearable Sensors},
volume = {2},
journal = {Proceedings of the ACM on Interactive, Mobile, Wearable and Ubiquitous Technologies},
doi = {10.1145/3214277}
}

@inproceedings{Fox,
 author = {Fox, Ian and Ang, Lynn and Jaiswal, Mamta and Pop-Busui, Rodica and Wiens, Jenna},
 title = {Deep Multi-Output Forecasting: Learning to Accurately Predict Blood Glucose Trajectories},
 booktitle = {Proceedings of the 24th ACM SIGKDD International Conference on Knowledge Discovery \&\#38; Data Mining},
 series = {KDD '18},
 year = {2018},
 isbn = {978-1-4503-5552-0},
 location = {London, United Kingdom},
 pages = {1387--1395},
 numpages = {9},
 url = {http://doi.acm.org/10.1145/3219819.3220102},
 doi = {10.1145/3219819.3220102},
 acmid = {3220102},
 publisher = {ACM},
 address = {New York, NY, USA},
 keywords = {blood glucose forecasting, deep learning for time series, function forecasting, machine learning for healthcare, multi-output forecasting, multi-step forecasting}
}

@ARTICLE{6894591,
author={Y. {Lv} and Y. {Duan} and W. {Kang} and Z. {Li} and F. {Wang}},
journal={IEEE Transactions on Intelligent Transportation Systems},
title={Traffic Flow Prediction With Big Data: A Deep Learning Approach},
year={2015},
volume={16},
number={2},
pages={865-873},
doi={10.1109/TITS.2014.2345663},
ISSN={1524-9050},
month={April}
}

@inproceedings{AAAI1816607,
	author = {Weiyu Cheng and Yanyan Shen and Yanmin Zhu and Linpeng Huang},
	title = {A Neural Attention Model for Urban Air Quality Inference: Learning the Weights of Monitoring Stations},
	conference = {AAAI Conference on Artificial Intelligence},
	year = {2018},
	url = {https://aaai.org/ocs/index.php/AAAI/AAAI18/paper/view/16607}
}

@inproceedings{Varamin,
 author = {Varamin, Alireza Abedin and Abbasnejad, Ehsan and Shi, Qinfeng and Ranasinghe, Damith C. and Rezatofighi, Hamid},
 title = {Deep Auto-Set: A Deep Auto-Encoder-Set Network for Activity Recognition Using Wearables},
 booktitle = {Proceedings of the 15th EAI International Conference on Mobile and Ubiquitous Systems: Computing, Networking and Services},
 series = {MobiQuitous '18},
 year = {2018},
 isbn = {978-1-4503-6093-7},
 location = {New York, NY, USA},
 pages = {246--253},
 numpages = {8},
 url = {http://doi.acm.org/10.1145/3286978.3287024},
 doi = {10.1145/3286978.3287024},
 acmid = {3287024},
 publisher = {ACM},
 address = {New York, NY, USA},
 keywords = {Activity Recognition, Deep Learning, Time-series Data, Wearable Sensors}
} 



@Misc{nycgov,
  Title                    = {nyc.gov},
   note = 	 {\url{https://www1.nyc.gov}}
}

@Misc{nycopendata,
  Title                    = {NYC Open Data},
   note = 	 {\url{https://data.cityofnewyork.us/Public-Safety/Emergency-Response-Incidents/pasr-j7fb}}
}


@article{Hochreiter,
author = {Hochreiter, Sepp and Schmidhuber, J\"{u}rgen},
title = {Long Short-Term Memory},
year = {1997},
issue_date = {November 1997},
publisher = {MIT Press},
address = {Cambridge, MA, USA},
volume = {9},
number = {8},
issn = {0899-7667},
url = {https://doi.org/10.1162/neco.1997.9.8.1735},
doi = {10.1162/neco.1997.9.8.1735},
journal = {Neural Comput.},
month = nov,
pages = {1735–1780},
numpages = {46}
}

@inproceedings{ChohlasWood2015Mining9C,
  title={Mining 911 Calls in New York City: Temporal Patterns, Detection, and Forecasting},
  author={Alex Chohlas-Wood and Aliya Merali and Warren Reed and Theodoros Damoulas},
  booktitle={AAAI Workshop: AI for Cities},
  year={2015}
}

@inproceedings{falcon2018predicting,
title={Predicting Floor-Level for 911 Calls with Neural Networks and Smartphone Sensor Data},
author={William Falcon and Henning Schulzrinne},
booktitle={International Conference on Learning Representations},
year={2018}
}

@inproceedings{DeFazio,
author = {DeFazio, David and Ramesh, Arti and Seetharam, Anand},
title = {NYCER: A Non-Emergency Response Predictor for NYC Using Sparse Gaussian Conditional Random Fields},
year = {2018},
isbn = {9781450360937},
publisher = {Association for Computing Machinery},
address = {New York, NY, USA},
url = {https://doi.org/10.1145/3286978.3287010},
doi = {10.1145/3286978.3287010},
booktitle = {Proceedings of the 15th EAI International Conference on Mobile and Ubiquitous Systems: Computing, Networking and Services},
pages = {187-196},
numpages = {10},
location = {New York, NY, USA},
series = {MobiQuitous '18}
}

@INPROCEEDINGS{8421325,
 author={N. {Singh} and N. {Roy} and A. {Gangopadhyay}}, booktitle={2018 IEEE International Conference on Smart Computing (SMARTCOMP)}, title={Analyzing the Sentiment of Crowd for Improving the Emergency Response Services}, year={2018}, volume={}, number={}, pages={1-8}
 } 
 
 @inproceedings{Campos,
author = {Campos, Alexandre and Correia, Nuno and Rom\~{a}o, Teresa and Nunes, Isabel and Sim\~{o}es-Marques, M\'{a}rio},
title = {Mobile Augmented Reality Techniques for Emergency Response},
year = {2019},
isbn = {9781450372831},
publisher = {Association for Computing Machinery},
address = {New York, NY, USA},
url = {https://doi.org/10.1145/3360774.3360825},
doi = {10.1145/3360774.3360825},
booktitle = {Proceedings of the 16th EAI International Conference on Mobile and Ubiquitous Systems: Computing, Networking and Services},
pages = {31-39},
numpages = {9},
location = {Houston, Texas},
series = {MobiQuitous '19}
}

@INPROCEEDINGS{8384711, 
author={D. {Shen} and X. {Chen} and M. {Nguyen} and W. Q. {Yan}}, booktitle={2018 4th International Conference on Control, Automation and Robotics (ICCAR)}, title={Flame detection using deep learning}, year={2018}, volume={}, number={}, pages={416-420}
} 

@INPROCEEDINGS{7823512,
author={C. {Tao} and J. {Zhang} and P. {Wang}}, booktitle={2016 International Conference on Industrial Informatics - Computing Technology, Intelligent Technology, Industrial Information Integration (ICIICII)}, title={Smoke Detection Based on Deep Convolutional Neural Networks}, year={2016}, volume={}, number={}, pages={150-153}
}

@article{MUHAMMAD201830,
author = {Muhammad, Khan and Ahmad, Jamil and Baik, Sung Wook},
title = {Early Fire Detection Using Convolutional Neural Networks during Surveillance for Effective Disaster Management},
year = {2018},
issue_date = {May 2018},
publisher = {Elsevier Science Publishers B. V.},
address = {NLD},
volume = {288},
number = {C},
issn = {0925-2312},
url = {https://doi.org/10.1016/j.neucom.2017.04.083},
doi = {10.1016/j.neucom.2017.04.083},
journal = {Neurocomputing},
month = may,
pages = {30–42},
numpages = {13}
}
  
@inproceedings{Zha2014ProfilingAP,
  title={Profiling and Prediction of Non-Emergency Calls in NYC},
  author={Yilong Zha and Manuela M. Veloso},
  booktitle={AAAI 2014},
  year={2014}
}

@inproceedings{yi2019neural,
  title={Neural network based continuous conditional random field for fine-grained crime prediction},
  author={Yi, Fei and Yu, Zhiwen and Zhuang, Fuzhen and Guo, Bin},
  booktitle={Proceedings of the Twenty-Eighth International Joint Conference on Artificial Intelligence, IJCAI},
  pages={10--16},
  year={2019}
}


@inproceedings{Zhao,
author = {Zhao, Xiangyu and Tang, Jiliang},
title = {Modeling Temporal-Spatial Correlations for Crime Prediction},
year = {2017},
isbn = {9781450349185},
publisher = {Association for Computing Machinery},
address = {New York, NY, USA},
url = {https://doi.org/10.1145/3132847.3133024},
doi = {10.1145/3132847.3133024},
booktitle = {Proceedings of the 2017 ACM on Conference on Information and Knowledge Management},
pages = {497–506},
numpages = {10},
location = {Singapore, Singapore},
series = {CIKM ’17}
}

@inproceedings{SWaP,
author = {Bejarano, Gissella and Kulkarni, Adita and Raushan, Raushan and Seetharam, Anand and Ramesh, Arti},
title = {SWaP: Probabilistic Graphical and Deep Learning Models for Water Consumption Prediction},
year = {2019},
isbn = {9781450370059},
publisher = {Association for Computing Machinery},
address = {New York, NY, USA},
url = {https://doi.org/10.1145/3360322.3360846},
doi = {10.1145/3360322.3360846},
booktitle = {Proceedings of the 6th ACM International Conference on Systems for Energy-Efficient Buildings, Cities, and Transportation},
pages = {233–242},
numpages = {10},
keywords = {Time series modeling, Sparse GCRF, RNN},
location = {New York, NY, USA},
series = {BuildSys ’19}
}

@inproceedings{DeepFit,
author = {Kulkarni, Adita and Seetharam, Anand and Ramesh, Arti},
title = {DeepFit: Deep Learning Based Fitness Center Equipment Use Modeling and Prediction},
year = {2019},
isbn = {9781450372831},
publisher = {Association for Computing Machinery},
address = {New York, NY, USA},
url = {https://doi.org/10.1145/3360774.3360803},
doi = {10.1145/3360774.3360803},
booktitle = {Proceedings of the 16th EAI International Conference on Mobile and Ubiquitous Systems: Computing, Networking and Services},
pages = {394–403},
numpages = {10},
keywords = {RNN, deep learning, time series modeling},
location = {Houston, Texas},
series = {MobiQuitous ’19}
}

@inproceedings{goyal2016,
author = {Goyal, Anirudh and Lamb, Alex and Zhang, Ying and Zhang, Saizheng and Courville, Aaron and Bengio, Yoshua},
title = {Professor Forcing: A New Algorithm for Training Recurrent Networks},
year = {2016},
isbn = {9781510838819},
publisher = {Curran Associates Inc.},
address = {Red Hook, NY, USA},
booktitle = {Proceedings of the 30th International Conference on Neural Information Processing Systems},
pages = {4608–4616},
numpages = {9},
location = {Barcelona, Spain},
series = {NIPS’16}
}

@article{cho2014learning,
  title={Learning phrase representations using RNN encoder-decoder for statistical machine translation},
  author={Cho, Kyunghyun and Van Merri{\"e}nboer, Bart and Gulcehre, Caglar and Bahdanau, Dzmitry and Bougares, Fethi and Schwenk, Holger and Bengio, Yoshua},
  journal={arXiv preprint arXiv:1406.1078},
  year={2014}
}

@inproceedings{sutskever2014sequence,
  title={Sequence to sequence learning with neural networks},
  author={Sutskever, Ilya and Vinyals, Oriol and Le, Quoc V},
  booktitle={Advances in neural information processing systems},
  pages={3104--3112},
  year={2014}
}


@article{CORTEZ2018315,
title = "An architecture for emergency event prediction using LSTM recurrent neural networks",
journal = "Expert Systems with Applications",
volume = "97",
pages = "315 - 324",
year = "2018",
issn = "0957-4174",
doi = "https://doi.org/10.1016/j.eswa.2017.12.037",
url = "http://www.sciencedirect.com/science/article/pii/S0957417417308606",
author = "Bitzel Cortez and Berny Carrera and Young-Jin Kim and Jae-Yoon Jung",
keywords = "Emergency events, Emergency prediction system, Recurrent neural network, Long short-term memory",
}

@INPROCEEDINGS{Herath,

  author={J. D. {Herath} and A. {Seetharam} and A. {Ramesh}},

  booktitle={ICC 2019 - 2019 IEEE International Conference on Communications (ICC)}, 

  title={A Deep Learning Model for Wireless Channel Quality Prediction}, 

  year={2019},

  volume={},

  number={},

  pages={1-6}
  }
  
  @ARTICLE{8884240, 
   author={A. {Kulkarni} and A. {Seetharam} and A. {Ramesh} and J. D. {Herath}},  journal={IEEE Transactions on Vehicular Technology},   
   title={DeepChannel: Wireless Channel Quality Prediction Using Deep Learning},   year={2020},  
   volume={69},  
   number={1},  
   pages={443-456}
   }
  
 @article{Dong2020,
  author    = {Shangjia Dong and
               Tianbo Yu and
               Hamed Farahmand and
               Ali Mostafavi},
  title     = {A Hybrid Deep Learning Model for Predictive Flood Warning and Situation
               Awareness using Channel Network Sensors Data},
  journal   = {CoRR},
  volume    = {abs/2006.09201},
  year      = {2020},
  url       = {https://arxiv.org/abs/2006.09201},
  archivePrefix = {arXiv},
  eprint    = {2006.09201},
  timestamp = {Wed, 17 Jun 2020 14:28:54 +0200},
  biburl    = {https://dblp.org/rec/journals/corr/abs-2006-09201.bib},
  bibsource = {dblp computer science bibliography, https://dblp.org}
}


@inproceedings{Kusupati,
author = {Kusupati, Aditya and Singh, Manish and Bhatia, Kush and Kumar, Ashish and Jain, Prateek and Varma, Manik},
title = {FastGRNN: A Fast, Accurate, Stable and Tiny Kilobyte Sized Gated Recurrent Neural Network},
year = {2018},
publisher = {Curran Associates Inc.},
address = {Red Hook, NY, USA},
booktitle = {Proceedings of the 32nd International Conference on Neural Information Processing Systems},
pages = {9031–9042},
numpages = {12},
location = {Montr\'{e}al, Canada},
series = {NIPS’18}
}

@article{karim2017lstm,
  title={LSTM fully convolutional networks for time series classification},
  author={Karim, Fazle and Majumdar, Somshubra and Darabi, Houshang and Chen, Shun},
  journal={IEEE access},
  volume={6},
  pages={1662--1669},
  year={2017},
  publisher={IEEE}
}


@Article{w11091808,
AUTHOR = {de la Fuente, Alberto and Meruane, Viviana and Meruane, Carolina},
TITLE = {Hydrological Early Warning System Based on a Deep Learning Runoff Model Coupled with a Meteorological Forecast},
JOURNAL = {Water},
VOLUME = {11},
YEAR = {2019},
NUMBER = {9},
ARTICLE-NUMBER = {1808},
URL = {https://www.mdpi.com/2073-4441/11/9/1808},
ISSN = {2073-4441},
DOI = {10.3390/w11091808}
}


@article{WANG2020105120,
title = "CSAN: A neural network benchmark model for crime forecasting in spatio-temporal scale",
journal = "Knowledge-Based Systems",
volume = "189",
pages = "105120",
year = "2020",
issn = "0950-7051",
doi = "https://doi.org/10.1016/j.knosys.2019.105120",
url = "http://www.sciencedirect.com/science/article/pii/S0950705119304873",
author = "Qi Wang and Guangyin Jin and Xia Zhao and Yanghe Feng and Jincai Huang",
keywords = "Crime situation awareness, Crime forecasting, Variational auto-encoder, Sequence generation, Spatio-temporal analysis",
}

@article{BANDARA2020112896,
title = "Forecasting across time series databases using recurrent neural networks on groups of similar series: A clustering approach",
journal = "Expert Systems with Applications",
volume = "140",
pages = "112896",
year = "2020",
issn = "0957-4174",
doi = "https://doi.org/10.1016/j.eswa.2019.112896",
url = "http://www.sciencedirect.com/science/article/pii/S0957417419306128",
author = "Kasun Bandara and Christoph Bergmeir and Slawek Smyl",
keywords = "Big data forecasting, RNN, LSTM, Time series clustering, Neural networks",

}

@INPROCEEDINGS{Widiasari,

  author={I. R. {Widiasari} and L. E. {Nugoho} and  {Widyawan} and R. {Efendi}},

  booktitle={2018 5th International Conference on Information Technology, Computer, and Electrical Engineering (ICITACEE)}, 

  title={Context-based Hydrology Time Series Data for A Flood Prediction Model Using LSTM}, 

  year={2018},

  volume={},

  number={},

  pages={385-390},}


@INPROCEEDINGS{Pathak,

  author={N. {Pathak} and A. {Ba} and J. {Ploennigs} and N. {Roy}},

  booktitle={2018 IEEE International Conference on Smart Computing (SMARTCOMP)}, 

  title={Forecasting Gas Usage for Big Buildings Using Generalized Additive Models and Deep Learning}, 

  year={2018},

  volume={},

  number={},

  pages={203-210},}
  
  
  
  @INPROCEEDINGS{Bande,

  author={S. {Bande} and V. V. {Shete}},

  booktitle={2017 International Conference On Smart Technologies For Smart Nation (SmartTechCon)}, 

  title={Smart flood disaster prediction system using IoT neural networks}, 

  year={2017},

  volume={},

  number={},

  pages={189-194},}


@INPROCEEDINGS{Qolomany,

  author={B. {Qolomany} and A. {Al-Fuqaha} and D. {Benhaddou} and A. {Gupta}},

  booktitle={2017 IEEE 19th International Conference on High Performance Computing and Communications; IEEE 15th International Conference on Smart City; IEEE 3rd International Conference on Data Science and Systems (HPCC/SmartCity/DSS)}, 

  title={Role of Deep LSTM Neural Networks and Wi-Fi Networks in Support of Occupancy Prediction in Smart Buildings}, 

  year={2017},

  volume={},

  number={},

  pages={50-57},}

@misc{reddy2018deep,
  title={Deep air: Forecasting air pollution in beijing, china},
  author={Reddy, Vikram and Yedavalli, Pavan and Mohanty, Shrestha and Nakhat, Udit},
  year={2018},
  publisher={Academic Press}
}



@article{Boyd,
author = {Boyd, Stephen and Parikh, Neal and Chu, Eric and Peleato, Borja and Eckstein, Jonathan},
title = {Distributed Optimization and Statistical Learning via the Alternating Direction Method of Multipliers},
year = {2011},
issue_date = {January 2011},
publisher = {Now Publishers Inc.},
address = {Hanover, MA, USA},
volume = {3},
number = {1},
issn = {1935-8237},
url = {https://doi.org/10.1561/2200000016},
doi = {10.1561/2200000016},
journal = {Found. Trends Mach. Learn.},
month = jan,
pages = {1–122},
numpages = {122}
}